@book{hk71,
    author = {Hoffman, Kenneth M. and Kunze, Ray A.},
    title = {Linear Algebra},
    edition = {2},
    location = {Englewood Cliffs, New Jersey},
    publisher = {Prentice-Hall},
    year = {1971},
    isbn = {978-0-13-536797-1},
    langid = {english}
}

@book{rom08,
    author = {Steven Roman},
    title = {Advanced Linear Algebra},
    edition = {3},
    series = {Graduate Texts in Mathematics},
    number = {135},
    location = {New York},
    publisher = {Springer},
    year = {2008},
    isbn = {978-0-387-72831-5},
    doi = {10.1007/978-0-387-72831-5},
    langid = {english}
}

% @book{key,
%     author = {Author},
%     title = {Title},
%     subtitle = {Subtitle},
%     editor = {Editor},
%     edition = {Edition},
%     volume = {Volume},
%     series = {Series},
%     number = {Number},
%     location = {Location},
%     publisher = {Publisher},
%     year = {Year},
%     isbn = {ISBN},
%     doi = {DOI},
%     langid = {english}
% }
