@book{rud76,
    author = {Rudin, Walter},
    title = {Principles of mathematical analysis},
    edition = {3},
    series = {International series in pure and applied mathematics},
    location = {New York},
    publisher = {McGraw-Hill},
    year = {1976},
    isbn = {978-0-07-054235-8},
    langid = {english}
}

@book{zor24a,
    author = {Зорич, В. А.},
    title = {Математический анализ},
    edition = {13},
    volume = {I},
    location = {Москва},
    publisher = {МЦНМО},
    year = {2024},
    isbn = {978-5-4439-4641-2},
    langid = {russian}
}

@book{zor24b,
    author = {Зорич, В. А.},
    title = {Математический анализ},
    edition = {13},
    volume = {II},
    location = {Москва},
    publisher = {МЦНМО},
    year = {2024},
    isbn = {978-5-4439-4642-9},
    langid = {russian}
}

% @book{key,
%     author = {Author},
%     title = {Title},
%     subtitle = {Subtitle},
%     editor = {Editor},
%     edition = {Edition},
%     volume = {Volume},
%     series = {Series},
%     number = {Number},
%     location = {Location},
%     publisher = {Publisher},
%     year = {Year},
%     isbn = {ISBN},
%     doi = {DOI},
%     langid = {english}
% }
