@book{arn24,
    author = {Арнольд, В. И.},
    title = {Обыкновенные дифференциальные уравнения},
    edition = {3},
    location = {Москва},
    publisher = {МЦНМО},
    year = {2024},
    isbn = {978-5-4439-4548-4},
    langid = {russian}
}

% @book{key,
%     author = {Author},
%     title = {Title},
%     subtitle = {Subtitle},
%     editor = {Editor},
%     edition = {Edition},
%     volume = {Volume},
%     series = {Series},
%     number = {Number},
%     location = {Location},
%     publisher = {Publisher},
%     year = {Year},
%     isbn = {ISBN},
%     doi = {DOI},
%     langid = {english}
% }
