@book{key,
    author = {Kelley, John L.},
    title = {General Topology},
    series = {Graduate Texts in Mathematics},
    number = {27},
    location = {New York},
    publisher = {Springer},
    year = {1975},
    isbn = {978-0-387-90125-1},
    langid = {english}
}

% @book{key,
%     author = {Author},
%     title = {Title},
%     subtitle = {Subtitle},
%     editor = {Editor},
%     edition = {Edition},
%     volume = {Volume},
%     series = {Series},
%     number = {Number},
%     location = {Location},
%     publisher = {Publisher},
%     year = {Year},
%     isbn = {ISBN},
%     doi = {DOI},
%     langid = {english}
% }
